<?xml version="1.0" encoding="UTF-8"?><record xmlns="http://www.loc.gov/MARC21/slim" xmlns:cinclude="http://apache.org/cocoon/include/1.0" xmlns:zs="http://www.loc.gov/zing/srw/">
  <leader>00353cz  a2200121n  4500</leader>
  <controlfield tag="001">n  88273389 </controlfield>
  <controlfield tag="003">DLC</controlfield>
  <controlfield tag="005">19890901061420.2</controlfield>
  <controlfield tag="008">890717n| acannaab|          |n aaa |||  </controlfield>
  <datafield tag="010" ind1=" " ind2=" ">
    <subfield code="a">n  88273389 </subfield>
  </datafield>
  <datafield tag="040" ind1=" " ind2=" ">
    <subfield code="a">DLC</subfield>
    <subfield code="c">DLC</subfield>
  </datafield>
  <datafield tag="100" ind1="1" ind2="0">
    <subfield code="a">Decker, Bernard H.,</subfield>
    <subfield code="d">1948-</subfield>
  </datafield>
  <datafield tag="670" ind1=" " ind2=" ">
    <subfield code="a">His Gewalt und ZaĚrtlichkeit, 1990:</subfield>
    <subfield code="b">CIP t.p. (Bernard H. Decker) data sheet (b. 9/13/48)</subfield>
  </datafield>
</record>